@article{r1,
  title={Efectos de la contaminaci{\'o}n atmosf{\'e}rica sobre la salud: una introducci{\'o}n},
  author={Ballester D{\'\i}ez, Ferran and Ten{\'\i}as, Jos{\'e} Mar{\'\i}a and P{\'e}rez-Hoyos, Santiago},
  journal={Revista Espa{\~n}ola de Salud P{\'u}blica},
  volume={73},
  number={2},
  pages={109--121},
  year={1999},
  publisher={SciELO Espana}
}

@article{r2,
  title={Informe SESPAS 1998: La salud p{\'u}blica y el futuro del estado del bienestar},
  author={Catal{\'a}, F and De Manuel, E},
  journal={Granada: EASP},
  year={1998}
}

@book{r3,
  title={Standard Handbook of Environmental Engineering},
  author={Corbitt, R.A. and Corbitt, R.A.},
  year={1990},
  publisher={McGraw-Hill},
  isbn={9780070131583}
}

@article{r4,
  title={Monitoreo de la calidad del aire en Am{\'e}rica Latina},
  author={Korc, Marcelo and S{\'a}enz, Rodolfo},
  journal={Korc Marcelo E},
  pages={1--22},
  year={1999}
}

@article{r5,
  title={Contaminaci{\'o}n del aire. Situaci{\'o}n actual en la Am{\'e}rica Latina y el Caribe},
  author={Haddad, Ricardo},
  journal={Informe t{\'e}cnico.},
  year={1974}
}

@article{r6,
  title={Cuantificaci{\'o}n econ{\'o}mica de los beneficios en salud asociados a la reducci{\'o}n de la contaminaci{\'o}n por MP10 en Concepci{\'o}n Metropolitano, Chile},
  author={Mardones, Cristian and Saavedra, Andr{\'e}s and Jim{\'e}nez, Jorge},
  journal={Revista m{\'e}dica de Chile},
  volume={143},
  number={4},
  pages={475--483},
  year={2015},
  publisher={Sociedad M{\'e}dica de Santiago},
  DOI={10.4067/S0034-98872015000400009}
}

@article{r7,
  title={What is an epidemiological week and why do we use them},
  author={Arias, Jorge R},
  journal={Skeeter},
  volume={66},
  number={1},
  pages={7},
  year={2006}
}

@book{r8,
  title={Introduction to time series and forecasting},
  author={Brockwell, Peter J and Brockwell, Peter J and Davis, Richard A and Davis, Richard A},
  year={2002},
  publisher={Springer},
  isbn={9780387216577}
}

@article{r9,
  title={International Classification of Diseases. 2016},
  author={World Health Organization and others},
  year={2016},
  journal={World Health Organization},
  url={https://icd.who.int/browse10/2016/en}
}

@book{r10,
  title={Regression analysis and linear models: Concepts, applications, and implementation},
  author={Darlington, Richard B and Hayes, Andrew F},
  year={2016},
  publisher={Guilford Publications},
  isbn={9781462521135}
}

@article{r11,
  title={La costumbre al envenenamiento: El caso de los contaminantes atmosf{\'e}ricos de la ciudad de Guadalajara, M{\'e}xico},
  author={Peniche-Camps, Salvador and Cortez-Huerta, Mauro},
  journal={Revista de Ciencias Ambientales},
  volume={54},
  number={2},
  pages={1--19},
  year={2020},
  publisher={Creative Commons},
  DOI={10.15359/rca.54-2.1}
}

@inproceedings{r12,
  title={Impacto de la contaminaci{\'o}n ambiental en las consultas pedi{\'a}tricas de Atenci{\'o}n Primaria: estudio ecol{\'o}gico},
  author={Mart{\'\i}n, Raquel Mart{\'\i}n and Bayle, Marciano S{\'a}nchez},
  booktitle={Anales de Pediatr{\'\i}a},
  volume={2},
  pages={80--85},
  year={2018},
  organization={Elsevier}, 
  DOI={10.1016/j.anpedi.2017.06.013}
}

@inproceedings{r13,
  title={ARIMA models application to air pollution data in Monterrey, Mexico},
  author={Guarnaccia, Claudio and Breton, Julia Griselda Ceron and Breton, Rosa Maria Ceron and Tepedino, Carmine and Quartieri, Joseph and Mastorakis, Nikos E},
  booktitle={AIP Conference Proceedings},
  volume={1},
  pages={1--5},
  year={2018},
  organization={AIP Publishing LLC},
  DOI={10.1063/1.5045447}
}

@article{r14,
  title={Long-term air pollution exposure, genome-wide DNA methylation and lung function in the LifeLines cohort study},
  author={Ana Julia and FC Lichtenfels, Diana A and Van Der Plaat, Kim and de Jong, Cleo C and van Diemen, Dirkje S and Postma, Ivana and Nedeljkovic, Cornelia M and van Duijn, Najaf and Amin, Sacha and la Bastide-Van Gemert, Maaike and De Vries and others},
  journal={Environmental health perspectives},
  volume={126},
  number={2},
  pages={027004},
  year={2018},
  DOI={10.1289/EHP2045}
}

@article{r15,
  title={Exposure to ambient particulate matter air pollution, blood pressure and hypertension in children and adolescents: a national cross-sectional study in China},
  author={Zhang, Zilong and Dong, Bin and Li, Shanshan and Chen, Gongbo and Yang, Zhaogeng and Dong, Yanhui and Wang, Zhenghe and Ma, Jun and Guo, Yuming},
  journal={Environment international},
  volume={128},
  pages={103--108},
  year={2019},
  publisher={Elsevier},
  DOI={10.1016/j.envint.2019.04.036}
}

@article{r16,
  title={Associations of air pollution, obesity and cardiometabolic health in young adults: The Meta-AIR study},
  author={Kim, Jeniffer S and Chen, Zhanghua and Alderete, Tanya L and Toledo-Corral, Claudia and Lurmann, Fred and Berhane, Kiros and Gilliland, Frank D},
  journal={Environment international},
  volume={133},
  pages={105--180},
  year={2019},
  publisher={Elsevier},
  DOI={10.1016/j.envint.2019.105180}
}
@article{r17,
  title={Short-term exposure to ambient air pollution and asthma mortality},
  author={Liu, Yuewei and Pan, Jingju and Zhang, Hai and Shi, Chunxiang and Li, Guo and Peng, Zhe and Ma, Jixuan and Zhou, Yun and Zhang, Lan},
  journal={American journal of respiratory and critical care medicine},
  volume={200},
  number={1},
  pages={24--32},
  year={2019},
  publisher={American Thoracic Society},
  DOI={10.1164/rccm.201810-1823OC}
}

@article{r18,
  title={Early life exposure to air pollution and incidence of childhood asthma, allergic rhinitis and eczema},
  author={To, Teresa and Zhu, Jingqin and Stieb, Dave and Gray, Natasha and Fong, Ivy and Pinault, Lauren and Jerrett, Michael and Robichaud, Alain and M{\'e}nard, Richard and van Donkelaar, Aaron and others},
  journal={European Respiratory Journal},
  volume={55},
  number={2},
  year={2020},
  publisher={Eur Respiratory Soc},
  DOI={10.1183/13993003.00913-2019}
}

@article{r19,
  title={Short-Term Associations between Morbidity and Air Pollution in Metropolitan Area of Monterrey, Mexico},
  author={Breton, Rosa Maria Cer{\'o}n and Breton, Julia C{\'e}ron and de la Luz Espinosa Fuentes, Mar{\'\i}a and Kahl, Jonathan and Guzman, Alberto Antonio Espinosa and Mart{\'\i}nez, Roc{\'\i}o Garc{\'\i}a and Guarnaccia, Claudio and del Carmen Lara Severino, Reyna and Lara, Evangelina Ramirez and Francavilla, Antonella Bianca},
  journal={Atmosphere},
  volume={12},
  number={10},
  pages={1352},
  year={2021},
  publisher={Multidisciplinary Digital Publishing Institute},
  DOI={10.3390/atmos12101352}
 }

@article{r20,
  title={Air pollution aggravating COVID-19 lethality? Exploration in Asian cities using statistical models},
  author={Gupta, Ankit and Bherwani, Hemant and Gautam, Sneha and Anjum, Saima and Musugu, Kavya and Kumar, Narendra and Anshul, Avneesh and Kumar, Rakesh},
  journal={Environment, Development and Sustainability},
  volume={23},
  number={4},
  pages={6408--6417},
  year={2021},
  publisher={Springer},
  DOI={10.1007/s10668-020-00878-9}
}

@misc{f1,
  author = {{Dirección General de Información en Salud}},
  title = {Egresos Hospitalarios},
  url = {http://www.dgis.salud.gob.mx/contenidos/basesdedatos/da_egresoshosp_gobmx.html},
  year={2021}
}

@misc{f2,
  author = {{SIMA}},
  title = {Sistema Integral de Monitoreo Ambiental},
  url = {http://aire.nl.gob.mx},
  year={2015}
}

@misc{f3,
  author = {Benavides, Alberto},
  title = {Perfil de Github},
  url = {https://github.com/jbenavidesv87},
  year = 2022,
  publisher = {GitHub},
}

