@article{r1,
  title={Efectos de la contaminaci{\'o}n atmosf{\'e}rica sobre la salud: una introducci{\'o}n},
  author={Ballester D{\'\i}ez, Ferran and Ten{\'\i}as, Jos{\'e} Mar{\'\i}a and P{\'e}rez-Hoyos, Santiago},
  journal={Revista Espa{\~n}ola de Salud P{\'u}blica},
  volume={73},
  number={2},
  pages={109--121},
  year={1999},
  publisher={SciELO Espana}
}

@article{r2,
  title={Informe SESPAS 1998: La salud p{\'u}blica y el futuro del estado del bienestar},
  author={Catal{\'a}, F and De Manuel, E},
  journal={Granada: EASP},
  year={1998}
}

@misc{f1,
  author = {{Dirección General de Información en Salud}},
  title = {Egresos Hospitalarios},
  url = {http://www.dgis.salud.gob.mx/contenidos/basesdedatos/da_egresoshosp_gobmx.html},
  year={2021}
}

@misc{f2,
  author = {{SIMA}},
  title = {Sistema Integral de Monitoreo Ambiental},
  url = {http://aire.nl.gob.mx},
  year={2015}
}


@article{rf1,
   author={Aguilar, Fernando and Nemmaoui, Abderrahim and  Romeo, Alberto},
   title={Fusión de nubes de puntos de escáner láser terrestre y fotogrametría aérea basada en imágenes de drones para el inventario de bosques mediterráneos},
   journal={Dyna (Bilbao)},
   year = {2019},
   month = {03},
   pages = {131-136}
}

@article{rf2,
  title={Evaluación de tres productos de sensores remotos para la actualización de inventarios de árboles urbanos},
  author={Rincón, Fabiola D Yépez and García, Roberto E Huerta and Ramírez, Nelly L and Serrato, Diego F and García, Johana M Carmona and Freddy, X and Garzón Lasso},
  year={2015},
  journal = {Universidad Autónoma de Ciudad Juárez (UACJ)}
}

@book{rf3,
  title={Umbral adaptativo para la detecci{\'o}n de objetos en movimiento usando visión computacional},
  author={Vazquez, JF and Luna, CA},
  journal={Seminario Anual de Autom{\'a}tica, Electr{\'o}nica Industrial e Instrumentaci{\'o}n (SAAEI 05).(12: 2006: Santander, Espa{\~n}a)},
  note = {{I}SBN: 8481029645},
  year={2006},
  
}


@book{rf4,
author = {Gonzalez, Rafael C.},
title = {Digital Image Processing},
journal = {Addision-Wesley Publishing Company},
note = {{I}SBN: 0201110261},
year = {1987},
}


@article{rf5,
	title={Entendiendo el big data: antecedentes, origen y desarrollo posterior},
	author={Niño, Mikel and Illaramendi, Arantza},
	journal={DYNA New Technologies},
	volume={2},
	number={1},
	year={2015}
}

@article{rf6,
	title={Visi{\'o}n computacional},
	author={Sucar, L Enrique and Gómez, Giovani},
	journal={Instituto Nacional de Astrof{\'\i}sica, {\'O}ptica y Electr{\'o}nica. M{\'e}xico},
	volume={2},
	number={1},
	year={2011}
}

@article{rf7,
  title={Inventarios forestales en bosques tropicales},
  author={Malleux Orjeda, J},
  year={1982},
  journal={Lima: Universidad Nacional Agraria}
}

@inproceedings{rf8,
  title={Segmentation of forest terrain laser scan data},
  author={Li, Hongjun and Zhang, Xiaopeng and Jaeger, Marc and Constant, Thi{\'e}ry},
  booktitle={Proceedings of the 9th ACM SIGGRAPH Conference on Virtual-Reality Continuum and its Applications in Industry},
  pages={47--54},
  year={2010}
}

@techreport{rf9,
  title={Simulation models of forest resource management},
  author={Pelz, Dieter R},
  year={1977},
  institution={Institute of Electrical and Electronics Engineers (IEEE)}
}


@inproceedings{rf10,
  title={The study of parallel KNN in the identification of forest type based on multi-spectral data},
  author={Guo, Ying and Li, Zeng-yuan and Chen, Er-xue and Zhang, Xu},
  booktitle={2011 International Conference on Computer Science and Service System (CSSS)},
  pages={4113--4115},
  year={2011},
  organization={IEEE}
}

@article{rf11,
  title={Grazing effects on species composition in different vegetation types (La Palma, Canary Islands)},
  author={Ar{\'e}valo, JR and De Nascimento, L and Fern{\'a}ndez-Lugo, S and Mata, J and Bermejo, L},
  journal={Acta Oecologica},
  volume={37},
  number={3},
  pages={230--238},
  year={2011},
  publisher={Elsevier}
}

@article{rf12,
  title={A fast self-attention cascaded network for object detection in large scene remote sensing images},
  author={Hua, Xia and Wang, Xinqing and Rui, Ting and Zhang, Haitao and Wang, Dong},
  journal={Applied Soft Computing},
  volume={94},
  pages={106495},
  year={2020},
  publisher={Elsevier}
}

@article{rf13,
  title={STDnet: Exploiting high resolution feature maps for small object detection},
  author={Bosquet, Brais and Mucientes, Manuel and Brea, V{\'\i}ctor M},
  journal={Engineering Applications of Artificial Intelligence},
  volume={91},
  pages={103615},
  year={2020},
  publisher={Elsevier}
}

@inproceedings{rf14,
  title={Individual Tree Location Detection by High-Resolution RGB Satellite Imagery in Urban Area},
  author={Shen, Lingyun and Yan, Mingjing and Wu, Gang and Su, Xiyou},
  booktitle={Proceedings of the 2020 International Conference on Computing, Networks and Internet of Things},
  pages={139--143},
  year={2020}
}

@inproceedings{rf15,
  title={Computer simulation of tree mapping approach to project the future growth of forest},
  author={Yahya, Yasmin and Ismail, Roslan},
  booktitle={Proceedings of the 11th International Conference on Ubiquitous Information Management and Communication},
  pages={1--7},
  year={2017}
}

@article{rf16,
  title={Textural features for image classification},
  author={Haralick, Robert M and Shanmugam, Karthikeyan and Dinstein, Its' Hak},
  journal={IEEE Transactions on systems, man, and cybernetics},
  number={6},
  pages={610--621},
  year={1973},
  publisher={Ieee}
}

@article{rf17,
  title={Image Classification using Python and Scikit-learn},
  author={Ilango, Gogul},
  year={2017},
  url = {https://gogul.dev/software/image-classification-python}
}

@article{rf18,
  title={Inventarios forestales a través del procesamiento de imágenes},
  author={Ramírez, José Angel},
  year={2020},
  url = {https://github.com/arcantu97/Tesis-Arboles}
}

